<?xml version="1.0" encoding="UTF-8"?><collection xmlns="http://www.loc.gov/MARC21/slim"><record><leader>00578nam--2200193-i-4500</leader><controlfield tag="001">000011262</controlfield><controlfield tag="002">20161230</controlfield><controlfield tag="005">20161230201029</controlfield><controlfield tag="008">060222s1000------------r-----000-0-eng-d</controlfield><datafield ind1=" " ind2=" " tag="040"><subfield code="a">IFIN-HH</subfield></datafield><datafield ind1=" " ind2=" " tag="080"><subfield code="a">531</subfield></datafield><datafield ind1="1" ind2=" " tag="100"><subfield code="a">Bargerr, Vernon</subfield></datafield><datafield ind1="1" ind2="0" tag="245"><subfield code="a">Classical mechanics</subfield><subfield code="b">A modern perspective</subfield><subfield code="c">V. Beranger; M. Olsson</subfield></datafield><datafield ind1=" " ind2=" " tag="260"><subfield code="a">New York</subfield><subfield code="b">Mcgraw-hill Book Company</subfield><subfield code="c">1973</subfield></datafield><datafield ind1=" " ind2=" " tag="300"><subfield code="a">XI + 305 P</subfield></datafield><datafield ind1=" " ind2=" " tag="490"><subfield code="a">Mcgraw-hill Series In Fundamentals Of Physics An Undergraduate Textbook Program</subfield></datafield><datafield ind1="1" ind2=" " tag="700"><subfield code="a">Olsson, M</subfield></datafield><datafield ind1=" " ind2=" " tag="852"><subfield code="a">41957</subfield><subfield code="c">531</subfield></datafield><datafield ind1=" " ind2=" " tag="CAT"><subfield code="a">Sys</subfield><subfield code="c">20110106</subfield><subfield code="h">160815</subfield></datafield></record></collection>